<?xml version="1.0" encoding="UTF-8"?><record xmlns="http://www.loc.gov/MARC21/slim" xmlns:cinclude="http://apache.org/cocoon/include/1.0" xmlns:zs="http://www.loc.gov/zing/srw/">
  <leader>00616cz  a2200169n  4500</leader>
  <controlfield tag="001">n  86147557 </controlfield>
  <controlfield tag="003">DLC</controlfield>
  <controlfield tag="005">20081108080635.0</controlfield>
  <controlfield tag="008">860722n| acannaabn          |b aaa      </controlfield>
  <datafield tag="010" ind1=" " ind2=" ">
    <subfield code="a">n  86147557 </subfield>
  </datafield>
  <datafield tag="035" ind1=" " ind2=" ">
    <subfield code="a">(OCoLC)oca01685265</subfield>
  </datafield>
  <datafield tag="040" ind1=" " ind2=" ">
    <subfield code="a">DLC</subfield>
    <subfield code="b">eng</subfield>
    <subfield code="c">DLC</subfield>
    <subfield code="d">OCoLC</subfield>
  </datafield>
  <datafield tag="100" ind1="1" ind2=" ">
    <subfield code="a">Ōgoshi, Aiko,</subfield>
    <subfield code="d">1946-</subfield>
  </datafield>
  <datafield tag="400" ind1="1" ind2=" ">
    <subfield code="a">大越愛子,</subfield>
    <subfield code="d">1946-</subfield>
  </datafield>
  <datafield tag="667" ind1=" " ind2=" ">
    <subfield code="a">Machine-derived non-Latin script reference project.</subfield>
  </datafield>
  <datafield tag="667" ind1=" " ind2=" ">
    <subfield code="a">Non-Latin script reference not evaluated.</subfield>
  </datafield>
  <datafield tag="670" ind1=" " ind2=" ">
    <subfield code="a">Her Josei to tōzai shisō, 1985:</subfield>
    <subfield code="b">t.p. (Ōgoshi Aiko) colophon (r; b. 1946; lectr., Kyōto Sangyō Daigaku, Hanazono Daigaku, Kansai Daigaku)</subfield>
  </datafield>
</record>